
@article{von2007tutorial,
  title={A tutorial on spectral clustering},
  author={Von Luxburg, Ulrike},
  journal={Statistics and computing},
  volume={17},
  number={4},
  pages={395--416},
  year={2007},
  publisher={Springer}
}

@article{temme2015noninvasive,
  title={Noninvasive Imaging of Early Venous Thrombosis by 19F Magnetic Resonance Imaging With Targeted Perfluorocarbon Nanoemulsions},
  author={Temme, Sebastian and Grapentin, Christoph and Quast, Christine and Jacoby, Christoph and Grandoch, Maria and Ding, Zhaoping and Owenier, Christoph and Mayenfels, Friederike and Fischer, Jens W and Schubert, Rolf},
  journal={Circulation},
  volume={131},
  number={16},
  pages={1405--1414},
  year={2015},
  publisher={Am Heart Assoc},
  address={USA}
}


@article{ng2002spectral,
  title={On spectral clustering: Analysis and an algorithm},
  author={Ng, Andrew Y and Jordan, Michael I and Weiss, Yair},
  journal={Advances in neural information processing systems},
  volume={2},
  pages={849--856},
  year={2002},
  publisher={MIT; 1998}
}

@article{shi2000normalized,
  title={Normalized cuts and image segmentation},
  author={Shi, Jianbo and Malik, Jitendra},
  journal={IEEE Trans. on Pattern Analysis and Machine Intelligence},
  volume={22},
  number={8},
  pages={888--905},
  year={2000},
  publisher={IEEE}
}

@article{idbaih2006mri,
  title={{MRI} of clot in cerebral venous thrombosis high diagnostic value of susceptibility-weighted images},
  author={Idbaih, Ahmed and Boukobza, Monique and Crassard, Isabelle and Porcher, Rapha{\"e}l and Bousser, Marie-Germaine and Chabriat, Hugues},
  journal={Stroke},
  volume={37},
  number={4},
  pages={991--995},
  year={2006},
  publisher={Am Heart Assoc},
  address={USA}
}

@article{liebeskind2011ct,
  title={{CT} and {MRI} early vessel signs reflect clot composition in acute stroke},
  author={Liebeskind, David S and Sanossian, Nerses and Yong, William H and Starkman, Sidney and Tsang, Michael P and Moya, Antonio L and Zheng, David D and Abolian, Anna M and Kim, Doojin and Ali, Latisha K},
  journal={Stroke},
  volume={42},
  number={5},
  pages={1237--1243},
  year={2011},
  publisher={Am Heart Assoc}
}

@phdthesis{tartare2014contribution,
  title={Contribution {\`a} l'analyse de l'{IRM} dynamique pour l'aide au diagnostic du cancer de la prostate},
  author={Tartare, Guillaume},
  year={2014},
  school={Universit\'e du Littoral-C\^ote-d'Opale},
  address={Lille, France}
}

@article{schmitt2011characterization,
  title={Characterization of blood clot viscoelasticity by dynamic ultrasound elastography and modeling of the rheological behavior},
  author={Schmitt, Cedric and Henni, Anis Hadj and Cloutier, Guy},
  journal={Journal of biomechanics},
  volume={44},
  number={4},
  pages={622--629},
  year={2011},
  publisher={Elsevier}
}

@article{schmitt2013shear,
  title={Shear wave induced resonance elastography of venous thrombi: A proof-of-concept},
  author={Schmitt, C{\'e}dric and Montagnon, Emmanuel and Henni, Anis Hadj and Qi, Shijie and Cloutier, Guy},
  journal={IEEE Trans. on Medical Imaging},
  volume={32},
  number={3},
  pages={565--577},
  year={2013},
  publisher={IEEE}
}

@article{ophir1991elastography,
  title={Elastography: a quantitative method for imaging the elasticity of biological tissues},
  author={Ophir, Jonathan and Cespedes, Ignacio and Ponnekanti, Hm and Yazdi, Y and Li, Xin},
  journal={Ultrasonic imaging},
  volume={13},
  number={2},
  pages={111--134},
  year={1991},
  publisher={SAGE Publications}
}


@inproceedings{zelnik2004self,
  title={Self-tuning spectral clustering},
  author={Zelnik-Manor, Lihi and Perona, Pietro},
  booktitle={Advances in neural information processing systems},
  pages={1601--1608},
  year={2004},
  volumes = {NIPS 2004}
}

@phdthesis{mouysset2010contributions,
  title={Contributions {\`a} l'{\'e}tude de la classification spectrale et applications},
  author={Mouysset, Sandrine},
  year={2010},
  school={Institut National Polytechnique de Toulouse-INPT},
  address={France}
}

@article{meilua2007comparing,
  title={Comparing clusterings, an information based distance},
  author={Meil{\u{a}}, Marina},
  journal={Journal of multivariate analysis},
  volume={98},
  number={5},
  pages={873--895},
  year={2007},
  publisher={Elsevier}
}

@article{yang2013fast,
  title={Fast-minimization algorithms for robust face recognition},
  author={Yang, Allen Y and Zhou, Zihan and Balasubramanian, Arvind Ganesh and Sastry, S Shankar and Ma, Yi},
  journal={IEEE Trans. on Image Processing},
  volume={22},
  number={8},
  pages={3234--3246},
  year={2013},
  publisher={IEEE}
}

@article{wu2014spectral,
  title={Spectral clustering of high-dimensional data exploiting sparse representation vectors},
  author={Wu, Sen and Feng, Xiaodong and Zhou, Wenjun},
  journal={Neurocomputing},
  volume={135},
  pages={229--239},
  year={2014},
  publisher={Elsevier}
}

@incollection{jiao2010image,
  title={Image clustering via sparse representation},
  author={Jiao, Jun and Mo, Xuan and Shen, Chen},
  booktitle={Advances in Multimedia Modeling},
  pages={761--766},
  year={2010},
  publisher={Springer},
  address={Germany}
}

@inproceedings{yan2009semi,
  title={Semi-supervised Learning by Sparse Representation.},
  author={Yan, Shuicheng and Wang, Huan},
  booktitle={SDM},
  pages={792--801},
  year={2009},
  organization={SIAM}
}

@article{doi2007computer,
  title={Computer-aided diagnosis in medical imaging: historical review, current status and future potential},
  author={Doi, Kunio},
  journal={Computerized medical imaging and graphics},
  volume={31},
  number={4},
  pages={198--211},
  year={2007},
  publisher={Elsevier}
}

@article{longo2015cluster,
  title={Cluster analysis of quantitative parametric maps from {DCE}-{MRI}: application in evaluating heterogeneity of tumor response to antiangiogenic treatment},
  author={Longo, Dario Livio and Dastr{\`u}, Walter and Consolino, Lorena and Espak, Miklos and Arigoni, Maddalena and Cavallo, Federica and Aime, Silvio},
  journal={Magnetic resonance imaging},
  volume={33},
  number={6},
  pages={725--736},
  year={2015},
  publisher={Elsevier}
}

@article{muir2014quantitative,
  title={Quantitative cerebral blood flow measurements using {MRI}},
  author={Muir, Eric R and Watts, Lora Talley and Tiwari, Yash Vardhan and Bresnen, Andrew and Shen, Qiang and Duong, Timothy Q},
  journal={Cerebral Angiogenesis: Methods and Protocols},
  pages={205--211},
  year={2014},
  publisher={Springer}
}

@article{tartare2014spectral,
  title={Spectral clustering applied for dynamic contrast-enhanced MR analysis of time--intensity curves},
  author={Tartare, Guillaume and Hamad, Denis and Azahaf, Mustapha and Puech, Philippe and Betrouni, Nacim},
  journal={Computerized Medical Imaging and Graphics},
  volume={38},
  number={8},
  pages={702--713},
  year={2014},
  publisher={Elsevier}
}
